[gd_scene load_steps=2 format=2]

[ext_resource path="res://Panel.gd" type="Script" id=1]

[node name="Node2D" type="Node2D"]

[node name="Panel" type="Panel" parent="."]
margin_left = -2.0
margin_top = 1.0
margin_right = 598.0
margin_bottom = 403.0
script = ExtResource( 1 )

[node name="Input" type="HBoxContainer" parent="Panel"]
margin_left = 3.21606
margin_top = 149.695
margin_right = 604.216
margin_bottom = 182.695
alignment = 1

[node name="Label" type="Label" parent="Panel/Input"]
margin_left = 206.0
margin_top = 9.0
margin_right = 236.0
margin_bottom = 23.0
rect_min_size = Vector2( 30, 0 )
size_flags_stretch_ratio = 0.0
text = "N"
align = 2

[node name="LineN" type="LineEdit" parent="Panel/Input"]
margin_left = 240.0
margin_right = 298.0
margin_bottom = 33.0
align = 1
max_length = 200
expand_to_text_length = true

[node name="Label2" type="Label" parent="Panel/Input"]
margin_left = 302.0
margin_top = 9.0
margin_right = 332.0
margin_bottom = 23.0
rect_min_size = Vector2( 30, 0 )
size_flags_stretch_ratio = 0.0
text = "M"
align = 2

[node name="LineM" type="LineEdit" parent="Panel/Input"]
margin_left = 336.0
margin_right = 394.0
margin_bottom = 33.0
align = 1
max_length = 200
expand_to_text_length = true

[node name="Result" type="HBoxContainer" parent="Panel"]
margin_left = 2.10803
margin_top = 196.859
margin_right = 601.108
margin_bottom = 253.859
alignment = 1

[node name="Label" type="Label" parent="Panel/Result"]
margin_left = 127.0
margin_top = 21.0
margin_right = 167.0
margin_bottom = 35.0
rect_min_size = Vector2( 30, 0 )
size_flags_stretch_ratio = 0.0
text = "Result"
align = 2

[node name="ResultBox" type="LineEdit" parent="Panel/Result"]
margin_left = 171.0
margin_right = 471.0
margin_bottom = 57.0
rect_min_size = Vector2( 300, 0 )
align = 1
max_length = 200
editable = false
expand_to_text_length = true

[node name="Buttons" type="HBoxContainer" parent="Panel"]
margin_left = -1.21613
margin_top = 333.557
margin_right = 601.784
margin_bottom = 383.557
alignment = 1

[node name="Load" type="Button" parent="Panel/Buttons"]
margin_left = 168.0
margin_right = 268.0
margin_bottom = 50.0
rect_pivot_offset = Vector2( 55.9474, 24.9474 )
text = "Load from file"

[node name="Save" type="Button" parent="Panel/Buttons"]
margin_left = 272.0
margin_right = 354.0
margin_bottom = 50.0
rect_pivot_offset = Vector2( 55.9474, 24.9474 )
text = "Save to file"

[node name="GetResult" type="Button" parent="Panel/Buttons"]
margin_left = 358.0
margin_right = 434.0
margin_bottom = 50.0
rect_pivot_offset = Vector2( 55.9474, 24.9474 )
text = "Get result"

[node name="OpenFileDialog" type="FileDialog" parent="Panel"]
margin_left = 44.3213
margin_top = 52.1053
margin_right = 343.321
margin_bottom = 182.105
window_title = "Открыть файл"
mode = 0
access = 2
current_dir = "C:/Users/Hope/source/repos/Meaning/GodotCombinatorics"
current_path = "C:/Users/Hope/source/repos/Meaning/GodotCombinatorics/"

[node name="SaveFileDialog" type="FileDialog" parent="Panel"]
margin_left = 55.2632
margin_top = 40.1856
margin_right = 337.263
margin_bottom = 194.186
access = 2
current_dir = "C:/Users/Hope/source/repos/Meaning/GodotCombinatorics"
current_path = "C:/Users/Hope/source/repos/Meaning/GodotCombinatorics/"

[node name="AcceptDialog" type="AcceptDialog" parent="Panel"]
margin_left = 258.535
margin_top = 58.518
margin_right = 381.535
margin_bottom = 125.518
[connection signal="text_changed" from="Panel/Input/LineN" to="Panel" method="_on_LineN_text_changed"]
[connection signal="text_changed" from="Panel/Input/LineM" to="Panel" method="_on_LineM_text_changed"]
[connection signal="pressed" from="Panel/Buttons/Load" to="Panel" method="_on_Load_pressed"]
[connection signal="pressed" from="Panel/Buttons/Save" to="Panel" method="_on_Save_pressed"]
[connection signal="pressed" from="Panel/Buttons/GetResult" to="Panel" method="_on_GetResult_pressed"]
[connection signal="file_selected" from="Panel/OpenFileDialog" to="Panel" method="_on_OpenFileDialog_file_selected"]
[connection signal="file_selected" from="Panel/SaveFileDialog" to="Panel" method="_on_SaveFileDialog_file_selected"]
